@misc{NWPUThesisLaTeXTemplate,
    title={{{\LaTeX}}-Template-For-NPU-Thesis},
    author={Shangkun Shen and Zhihe Wang},
    year={2016},
    month={05}
}

@book{knuth1986the,
    title={The {{\TeX}}book},
    author={Knuth, Donald E},
    publisher={Addison-Wesley},
    year={1986}
}

@book{lamport1989latex:,
    title={{{\LaTeX}}: a document preparation system},
    author={Lamport, Leslie},
    publisher={Addison-Wesley Professional},
    year={1989}
}

@misc{MathSymbolsinLaTeXbypolossk,
    title={Math-Symbols-in-{{\LaTeX}}},
    author={Shangkun Shen},
    year={2017},
    month={10}
}